%%
%% This is file `./samples/bibliography.bib',
%% generated with the docstrip utility.
%%
%% The original source files were:
%%
%% apa7.dtx  (with options: `bibliography')
%% ----------------------------------------------------------------------
%% 
%% apa7 - A LaTeX class for formatting documents in compliance with the
%% American Psychological Association's Publication Manual, 7th edition
%% 
%% Copyright (C) 2019 by Daniel A. Weiss <daniel.weiss.led at gmail.com>
%% 
%% This work may be distributed and/or modified under the
%% conditions of the LaTeX Project Public License (LPPL), either
%% version 1.3c of this license or (at your option) any later
%% version.  The latest version of this license is in the file:
%% 
%% http://www.latex-project.org/lppl.txt
%% 
%% Users may freely modify these files without permission, as long as the
%% copyright line and this statement are maintained intact.
%% 
%% This work is not endorsed by, affiliated with, or probably even known
%% by, the American Psychological Association.
%% 
%% ----------------------------------------------------------------------
%% 
@article{macrae1977political,
  title     = {A political model of the business cycle},
  author    = {MacRae, C Duncan},
  journal   = {Journal of political economy},
  volume    = {85},
  number    = {2},
  pages     = {239--263},
  year      = {1977},
  publisher = {The University of Chicago Press}
}
@article{nordhaus1975political,
  title     = {The political business cycle},
  author    = {Nordhaus, William D},
  journal   = {The review of economic studies},
  volume    = {42},
  number    = {2},
  pages     = {169--190},
  year      = {1975},
  publisher = {Wiley-Blackwell}
}
@article{revelli2006performance,
  title     = {Performance rating and yardstick competition in social service provision},
  author    = {Revelli, Federico},
  journal   = {Journal of Public Economics},
  volume    = {90},
  number    = {3},
  pages     = {459--475},
  year      = {2006},
  publisher = {Elsevier}
}
@article{shleifer1985theory,
  title     = {A theory of yardstick competition},
  author    = {Shleifer, Andrei},
  journal   = {The RAND journal of Economics},
  pages     = {319--327},
  year      = {1985},
  publisher = {JSTOR}
}
@article{khilji1994fungibility,
  title     = {The fungibility of US military and non-military assistance and the impacts on expenditures of major aid recipients},
  author    = {Khilji, Nasir M and Zampelli, Ernest M},
  journal   = {Journal of Development Economics},
  volume    = {43},
  number    = {2},
  pages     = {345--362},
  year      = {1994},
  publisher = {Elsevier}
}
@article{khilji1991fungibility,
  title     = {The fungibility of US assistance to developing countries and the impact on recipient expanditures: a case study of Pakistan},
  author    = {Khilji, Nasir M and Zampelli, Ernest M},
  journal   = {World Development},
  volume    = {19},
  number    = {8},
  pages     = {1095--1105},
  year      = {1991},
  publisher = {Elsevier}
}
@article{zampelli1986resource,
  title     = {Resource fungibility, the flypaper effect, and the expenditure impact of grants-in-aid},
  author    = {Zampelli, Ernest M},
  journal   = {The Review of Economics and Statistics},
  pages     = {33--40},
  year      = {1986},
  publisher = {JSTOR}
}
@article{bednar2007credit,
  title     = {Credit assignment and federal encroachment},
  author    = {Bednar, Jenna},
  journal   = {Supreme Court Economic Review},
  volume    = {15},
  number    = {1},
  pages     = {285--308},
  year      = {2007},
  publisher = {University of Chicago Press Chicago, IL}
}
@article{cepparulo2019public,
  title   = {Public Private Partnership and fiscal illusion: A systematic review},
  author  = {Cepparulo, Alessandra and Eusepi, Giuseppe and Giuriato, Luisa},
  journal = {Journal of Infrastructure, Policy and Development},
  volume  = {3},
  number  = {2},
  pages   = {288--309},
  year    = {2019}
} 
@incollection{mcgillivray2019aid,
  title     = {Aid illusion and public sector fiscal behaviour},
  author    = {McGillivray, Mark and Morrissey, Oliver},
  booktitle = {Changing the Conditions for Development Aid},
  pages     = {118--139},
  year      = {2019},
  publisher = {Routledge}
}
@article{pommerehne1978fiscal,
  title     = {Fiscal illusion, political institutions, and local public spending},
  author    = {Pommerehne, Werner W and Schneider*, Friedrich},
  journal   = {Kyklos},
  volume    = {31},
  number    = {3},
  pages     = {381--408},
  year      = {1978},
  publisher = {Wiley Online Library}
}
@article{nicholson2012leaving,
  title     = {Leaving money on the table: Learning from recent refusals of federal grants in the American states},
  author    = {Nicholson-Crotty, Sean},
  journal   = {Publius: The Journal of Federalism},
  volume    = {42},
  number    = {3},
  pages     = {449--466},
  year      = {2012},
  publisher = {Oxford University Press}
}
@article{dixit1995redistributive,
  title     = {Redistributive politics and economic efficiency},
  author    = {Dixit, Avinash and Londregan, John},
  journal   = {American political science Review},
  volume    = {89},
  number    = {4},
  pages     = {856--866},
  year      = {1995},
  publisher = {Cambridge University Press}
}
@article{1976A,
  title  = {A Rational Choice Perspective on Congressional Norms.},
  author = { Weingast, Barry },
  year   = {1976}
}
@article{1988Exploring,
  title   = {Exploring Federalism},
  author  = { Kuic, Vukan  and  Elazar, Daniel J. },
  journal = {Crossref Listing of Deleted Dois},
  volume  = {18},
  number  = {2},
  pages   = {187},
  year    = {1988}
}
@article{2010Centralization,
  title   = {Centralization and Decentralization in Collective Bargaining},
  author  = { Treu, Tiziano },
  journal = {Labour},
  volume  = {1},
  number  = {1},
  pages   = {147-174},
  year    = {2010}
}
@article{1967American,
  title   = {American Federalism: A view from the states},
  author  = { Elazar, Daniel },
  journal = {Journal of Politics},
  year    = {1967}
}
@article{musgrave1971economics,
  title     = {Economics of fiscal federalism},
  author    = {Musgrave, Richard A},
  journal   = {Nebraska Journal of Economics and Business},
  pages     = {3--13},
  year      = {1971},
  publisher = {JSTOR}
}

@article{musgrave1997devolution,
  title   = {Devolution, grants, and fiscal competition},
  author  = {Musgrave, Richard A},
  journal = {Journal of Economic perspectives},
  volume  = {11},
  number  = {4},
  pages   = {65--72},
  year    = {1997}
}
@article{baron1989bargaining,
  title     = {Bargaining in legislatures},
  author    = {Baron, David P and Ferejohn, John A},
  journal   = {American political science review},
  volume    = {83},
  number    = {4},
  pages     = {1181--1206},
  year      = {1989},
  publisher = {Cambridge University Press}
}
@article{banks2006general,
  title   = {A general bargaining model of legislative policy-making},
  author  = {Banks, Jeffrey S and Duggan, John},
  journal = {Quarterly Journal of Political Science},
  volume  = {1},
  number  = {1},
  pages   = {49--85},
  year    = {2006}
}
@incollection{hayek2009use,
  title     = {The use of knowledge in society},
  author    = {Hayek, Frederick A},
  booktitle = {Knowledge management and organizational design},
  pages     = {7--15},
  year      = {2009},
  publisher = {Routledge}
}
@article{stigler1998tenable,
  title     = {The tenable range of functions of local government},
  author    = {Stigler, George J},
  journal   = {International Library of Critical Writings in Economics},
  volume    = {88},
  pages     = {3--9},
  year      = {1998},
  publisher = {EDWARD ELGAR PUBLISHING LTD}
}
@article{tiebout1956pure,
  title     = {A pure theory of local expenditures},
  author    = {Tiebout, Charles M},
  journal   = {Journal of political economy},
  volume    = {64},
  number    = {5},
  pages     = {416--424},
  year      = {1956},
  publisher = {The University Press of Chicago}
}
@book{pareto2014manual,
  title     = {Manual of political economy: a critical and variorum edition},
  author    = {Pareto, Vilfredo},
  year      = {2014},
  publisher = {OUP Oxford}
}
@article{eckstein1958water,
  title     = {Water resource development-the economics of project evaluation.},
  author    = {Eckstein, Otto and others},
  journal   = {Water resource development-the economics of project evaluation.},
  year      = {1958},
  publisher = {Cambridge, Mass.: Harvard Univ. Pr.}
}
@article{olson1993dictatorship,
  title     = {Dictatorship, democracy, and development},
  author    = {Olson, Mancur},
  journal   = {American political science review},
  volume    = {87},
  number    = {3},
  pages     = {567--576},
  year      = {1993},
  publisher = {Cambridge University Press}
}
@article{oates1972fiscal,
  title     = {Fiscal federalism},
  author    = {Oates, Wallace E and others},
  journal   = {Books},
  year      = {1972},
  publisher = {Edward Elgar Publishing}
}
@article{myerson1979incentive,
  title     = {Incentive compatibility and the bargaining problem},
  author    = {Myerson, Roger B},
  journal   = {Econometrica: journal of the Econometric Society},
  pages     = {61--73},
  year      = {1979},
  publisher = {JSTOR}
}
@article{2003Centralized,
  title   = {Centralized Versus Decentralized Provision of Local Public Goods: A Political Economy Approach},
  author  = { Besley, T.  and  Coate, S. },
  journal = {Journal of Public Economics},
  volume  = {87},
  number  = {12},
  pages   = {2611-2637},
  year    = {2003}
}
@article{martinez2003fiscal,
  title     = {Fiscal decentralization and economic growth},
  author    = {Martinez-Vazquez, Jorge and McNab, Robert M},
  journal   = {World development},
  volume    = {31},
  number    = {9},
  pages     = {1597--1616},
  year      = {2003},
  publisher = {Elsevier}
}
@article{baicker2005spillover,
  title     = {The spillover effects of state spending},
  author    = {Baicker, Katherine},
  journal   = {Journal of public economics},
  volume    = {89},
  number    = {2-3},
  pages     = {529--544},
  year      = {2005},
  publisher = {Elsevier}
}
@article{hurwicz1973design,
  title     = {The design of mechanisms for resource allocation},
  author    = {Hurwicz, Leonid},
  journal   = {The American Economic Review},
  volume    = {63},
  number    = {2},
  pages     = {1--30},
  year      = {1973},
  publisher = {JSTOR}
}
@article{2010governance,
  title  = {governance and performance of universities: evidence from Europe and the US | Economic Policy | Oxford Academic},
  author = { Aghion, P.  and  Dewatripont, M.  and  Hoxby, C.  and  Mascolell, A.  and  Sapir, A. },
  year   = {2010}
}
@article{baretti2002tax,
  title     = {A tax on tax revenue: The incentive effects of equalizing transfers: Evidence from Germany},
  author    = {Baretti, Christian and Huber, Bernd and Lichtblau, Karl},
  journal   = {International Tax and Public Finance},
  volume    = {9},
  pages     = {631--649},
  year      = {2002},
  publisher = {Springer}
}
@article{bucovetsky2006efficiency,
  title     = {The efficiency consequences of local revenue equalization: Tax competition and tax distortions},
  author    = {Bucovetsky, Sam and Smart, Michael},
  journal   = {Journal of Public Economic Theory},
  volume    = {8},
  number    = {1},
  pages     = {119--144},
  year      = {2006},
  publisher = {Wiley Online Library}
}
@article{dahlby2011marginal,
  title     = {The marginal cost of public funds and the flypaper effect},
  author    = {Dahlby, Bev},
  journal   = {International Tax and Public Finance},
  volume    = {18},
  pages     = {304--321},
  year      = {2011},
  publisher = {Springer}
}
@inproceedings{jha2000tax,
  title        = {Tax efficiency in selected Indian states},
  author       = {Jha, Raghbendra and Mohanty, Madhusudan S and Chatterjee, Somnath and Chitkara, Puneet},
  booktitle    = {Advances in public economics},
  pages        = {91--104},
  year         = {2000},
  organization = {Springer}
}
@article{cai2005does,
  title     = {Does competition for capital discipline governments? Decentralization, globalization, and public policy},
  author    = {Cai, Hongbin and Treisman, Daniel},
  journal   = {American Economic Review},
  volume    = {95},
  number    = {3},
  pages     = {817--830},
  year      = {2005},
  publisher = {American Economic Association}
}
@article{barro1991economic,
  title     = {Economic growth in a cross section of countries},
  author    = {Barro, Robert J},
  journal   = {The quarterly journal of economics},
  volume    = {106},
  number    = {2},
  pages     = {407--443},
  year      = {1991},
  publisher = {MIT Press}
}
@article{jin2005regional,
  title     = {Regional decentralization and fiscal incentives: Federalism, Chinese style},
  author    = {Jin, Hehui and Qian, Yingyi and Weingast, Barry R},
  journal   = {Journal of public economics},
  volume    = {89},
  number    = {9-10},
  pages     = {1719--1742},
  year      = {2005},
  publisher = {Elsevier}
}
@article{keen1997fiscal,
  title     = {Fiscal competition and the pattern of public spending},
  author    = {Keen, Michael and Marchand, Maurice},
  journal   = {Journal of public economics},
  volume    = {66},
  number    = {1},
  pages     = {33--53},
  year      = {1997},
  publisher = {Elsevier}
}
@article{treisman2002decentralization,
  title   = {Decentralization and the Quality of Government},
  author  = {Treisman, Daniel},
  journal = {unpublished paper, Department of Political Science, UCLA},
  year    = {2002}
}
@article{bardhan2002decentralization,
  title     = {Decentralization of governance and development},
  author    = {Bardhan, Pranab},
  journal   = {Journal of Economic perspectives},
  volume    = {16},
  number    = {4},
  pages     = {185--205},
  year      = {2002},
  publisher = {American Economic Association}
}
@article{bucovetsky2005public,
  title     = {Public input competition},
  author    = {Bucovetsky, Sam},
  journal   = {Journal of Public Economics},
  volume    = {89},
  number    = {9-10},
  pages     = {1763--1787},
  year      = {2005},
  publisher = {Elsevier}
}
@article{faguet2004does,
  title     = {Does decentralization increase government responsiveness to local needs?: Evidence from Bolivia},
  author    = {Faguet, Jean-Paul},
  journal   = {Journal of public economics},
  volume    = {88},
  number    = {3-4},
  pages     = {867--893},
  year      = {2004},
  publisher = {Elsevier}
}
@incollection{oates2004essay,
  title     = {An essay on fiscal federalism},
  author    = {Oates, Wallace E},
  booktitle = {Environmental Policy and Fiscal Federalism},
  pages     = {384--414},
  year      = {2004},
  publisher = {Edward Elgar Publishing}
}
@article{mogues2012external,
  title     = {Do external grants to district governments discourage own revenue generation? A look at local public finance dynamics in Ghana},
  author    = {Mogues, Tewodaj and Benin, Samuel},
  journal   = {World Development},
  volume    = {40},
  number    = {5},
  pages     = {1054--1067},
  year      = {2012},
  publisher = {Elsevier}
}
@article{hines1995anomalies,
  title     = {Anomalies: The flypaper effect},
  author    = {Hines Jr, James R and Thaler, Richard H},
  journal   = {Journal of economic perspectives},
  volume    = {9},
  number    = {4},
  pages     = {217--226},
  year      = {1995},
  publisher = {American Economic Association}
}
@article{qian1998federalism,
  title     = {Federalism and the soft budget constraint},
  author    = {Qian, Yingyi and Roland, Gerard},
  journal   = {American economic review},
  pages     = {1143--1162},
  year      = {1998},
  publisher = {JSTOR}
}
@book{mckinnon1993order,
  title     = {The order of economic liberalization: Financial control in the transition to a market economy},
  author    = {McKinnon, Ronald I},
  year      = {1993},
  publisher = {JHU Press}
}
@article{mckinnon1997market,
  title     = {Market-preserving fiscal federalism in the American monetary union},
  author    = {McKinnon, Ronald I},
  journal   = {Macroeconomic dimensions of public finance: Essays in honour of Vito Tanzi},
  volume    = {5},
  pages     = {73},
  year      = {1997},
  publisher = {Routledge London}
}
@article{oates2005toward,
  title     = {Toward a second-generation theory of fiscal federalism},
  author    = {Oates, Wallace E},
  journal   = {International tax and public finance},
  volume    = {12},
  pages     = {349--373},
  year      = {2005},
  publisher = {Springer}
}
@article{kalandrakis2004three,
  title     = {A three-player dynamic majoritarian bargaining game},
  author    = {Kalandrakis, Anastassios},
  journal   = {Journal of Economic Theory},
  volume    = {116},
  number    = {2},
  pages     = {294--14},
  year      = {2004},
  publisher = {Elsevier}
}
@article{anesi2015bargaining,
  title     = {Bargaining in standing committees with an endogenous default},
  author    = {Anesi, Vincent and Seidmann, Daniel J},
  journal   = {The Review of Economic Studies},
  volume    = {82},
  number    = {3},
  pages     = {825--867},
  year      = {2015},
  publisher = {Oxford University Press}
}
@article{diermeier2011legislative,
  title     = {Legislative bargaining with reconsideration},
  author    = {Diermeier, Daniel and Fong, Pohan},
  journal   = {The Quarterly Journal of Economics},
  volume    = {126},
  number    = {2},
  pages     = {947--985},
  year      = {2011},
  publisher = {Oxford University Press}
}
@article{rosenstiel2021congressional,
  title     = {Congressional Bargaining and the Distribution of Grants},
  author    = {Rosenstiel, Leah},
  journal   = {Legislative Studies Quarterly},
  year      = {2021},
  publisher = {Wiley Online Library}
}
@article{martin2018dividing,
  title     = {Dividing the dollar with formulas},
  author    = {Martin, Gregory J},
  journal   = {The Journal of Politics},
  volume    = {80},
  number    = {2},
  pages     = {479--493},
  year      = {2018},
  publisher = {University of Chicago Press Chicago, IL}
}
@article{markusen1981benefits,
  title     = {Who benefits from intergovernmental transfers?},
  author    = {Markusen, Ann R and Saxenian, Annalee and Weiss, Marc A},
  journal   = {Publius: The Journal of Federalism},
  volume    = {11},
  number    = {1},
  pages     = {5--36},
  year      = {1981},
  publisher = {Oxford University Press}
}
@book{stegarescu2006decentralised,
  title     = {Decentralised government in an integrating world: quantitative studies for OECD countries},
  author    = {Stegarescu, Dan},
  volume    = {34},
  year      = {2006},
  publisher = {Springer Science \& Business Media}
}
@article{kasdin2016decision,
  title     = {The Decision to Grant},
  author    = {Kasdin, Stuart},
  journal   = {Public Budgeting \& Finance},
  volume    = {36},
  number    = {1},
  pages     = {68--84},
  year      = {2016},
  publisher = {Wiley Online Library}
}
@article{larcinese2006allocating,
  title     = {Allocating the US federal budget to the states: The impact of the president},
  author    = {Larcinese, Valentino and Rizzo, Leonzio and Testa, Cecilia},
  journal   = {The Journal of Politics},
  volume    = {68},
  number    = {2},
  pages     = {447--456},
  year      = {2006},
  publisher = {Cambridge University Press New York, USA}
}
@article{wallis1987employment,
  title     = {Employment, politics, and economic recovery during the Great Depression},
  author    = {Wallis, John Joseph},
  journal   = {The Review of Economics and Statistics},
  pages     = {516--520},
  year      = {1987},
  publisher = {JSTOR}
}
@book{dilger2015federal,
  title     = {Federal grants to state and local governments: A historical perspective on contemporary issues},
  author    = {Dilger, Robert Jay and Cecire, Michael H},
  year      = {2015},
  publisher = {Congressional Research Service}
}
@book{beachler2015presidential,
  title     = {Presidential Swing States: Why Only Ten Matter},
  author    = {Beachler, Donald W and Bergbower, Matthew L and Cooper, Chris and Damore, David F and Van Dooren, Bas and Foreman, Sean D and Gill, Rebecca D and Hendriks, Henri{\"e}t and Hoffmann, Donna and Jacob, Rafael and others},
  year      = {2015},
  publisher = {Lexington Books}
}
@article{alesina2019loss,
  title     = {Loss aversion in politics},
  author    = {Alesina, Alberto and Passarelli, Francesco},
  journal   = {American Journal of Political Science},
  volume    = {63},
  number    = {4},
  pages     = {936--947},
  year      = {2019},
  publisher = {Wiley Online Library}
}
@article{bourdeaux2018loss,
  title   = {LOSS AVERSION AND STRATEGIC CHOICES IN CUTTING BUDGETS.},
  author  = {Bourdeaux, Carolyn},
  journal = {Public Finance \& Management},
  volume  = {18},
  number  = {1},
  year    = {2018}
}
@article{rees2014loss,
  title   = {Loss aversion motivates tax sheltering: Evidence from US tax returns},
  author  = {Rees-Jones, Alex},
  journal = {Available at SSRN 2330980},
  year    = {2014}
}
@article{brennan1987efficient,
  title     = {Efficient financing under asymmetric information},
  author    = {Brennan, Michael and Kraus, Alan},
  journal   = {The Journal of Finance},
  volume    = {42},
  number    = {5},
  pages     = {1225--1243},
  year      = {1987},
  publisher = {Wiley Online Library}
}
@article{huber2006optimal,
  title     = {Optimal design of intergovernmental grants under asymmetric information},
  author    = {Huber, Bernd and Runkel, Marco},
  journal   = {International Tax and Public Finance},
  volume    = {13},
  pages     = {25--41},
  year      = {2006},
  publisher = {Springer}
}
@article{miller1985dividend,
  title     = {Dividend policy under asymmetric information},
  author    = {Miller, Merton H and Rock, Kevin},
  journal   = {The Journal of finance},
  volume    = {40},
  number    = {4},
  pages     = {1031--1051},
  year      = {1985},
  publisher = {Wiley Online Library}
}
@article{williams2021moral,
  title     = {Moral hazard in a modern federation},
  author    = {Williams, Alex},
  journal   = {Journal of Post Keynesian Economics},
  volume    = {44},
  number    = {2},
  pages     = {173--183},
  year      = {2021},
  publisher = {Taylor \& Francis}
}
@techreport{inman2008flypaper,
  title       = {The flypaper effect},
  author      = {Inman, Robert P},
  year        = {2008},
  institution = {National Bureau of Economic Research}
}
@article{bradford1971analysis,
  title     = {The analysis of revenue sharing in a new approach to collective fiscal decisions},
  author    = {Bradford, David F and Oates, Wallace E},
  journal   = {The Quarterly Journal of Economics},
  volume    = {85},
  number    = {3},
  pages     = {416--439},
  year      = {1971},
  publisher = {MIT Press}
}
@article{bailey1998flypaper,
  title     = {The flypaper effect: Identifying areas for further research},
  author    = {Bailey, Stephen J and Connolly, Stephen},
  journal   = {Public choice},
  volume    = {95},
  number    = {3-4},
  pages     = {335--361},
  year      = {1998},
  publisher = {Springer}
}
@article{dollery1996empirical,
  title     = {The empirical analysis of fiscal illusion},
  author    = {Dollery, Brian E and Worthington, Andrew C},
  journal   = {Journal of Economic Surveys},
  volume    = {10},
  number    = {3},
  pages     = {261--297},
  year      = {1996},
  publisher = {Wiley Online Library}
}
@article{gamkhar2007impact,
  title  = {The impact of intergovernmental fiscal transfers: a synthesis of the conceptual and empirical literature},
  author = {Gamkhar, Shama},
  year   = {2007}
}
@article{deller2009government,
  title     = {Government, effectiveness, performance, and local property values},
  author    = {Deller, Steven and Maher, Craig},
  journal   = {Intl Journal of Public Administration},
  volume    = {32},
  number    = {13},
  pages     = {1182--1212},
  year      = {2009},
  publisher = {Taylor \& Francis}
}
@article{hamilton1986flypaper,
  title     = {The flypaper effect and the deadweight loss from taxation},
  author    = {Hamilton, Jonathan H},
  journal   = {Journal of urban economics},
  volume    = {19},
  number    = {2},
  pages     = {148--155},
  year      = {1986},
  publisher = {Elsevier}
}
@incollection{gramlich1997stimulative,
  title     = {The stimulative effects of intergovernmental grants: Or why money sticks where it hits},
  author    = {Gramlich, Edward},
  booktitle = {Financing federal systems},
  pages     = {127--143},
  year      = {1997},
  publisher = {Edward Elgar Publishing}
}
@incollection{gramlich1997state,
  title     = {State and local fiscal behavior and federal grant policy},
  author    = {Gramlich, Edward},
  booktitle = {Financing federal systems},
  pages     = {21--56},
  year      = {1997},
  publisher = {Edward Elgar Publishing}
}
@article{lankford1987note,
  title     = {A note on measuring flypaper effects},
  author    = {Lankford, R Hamilton},
  journal   = {Journal of Urban Economics},
  volume    = {22},
  number    = {1},
  pages     = {113--115},
  year      = {1987},
  publisher = {Elsevier}
}
@article{knight2002endogenous,
  title     = {Endogenous federal grants and crowd-out of state government spending: Theory and evidence from the federal highway aid program},
  author    = {Knight, Brian},
  journal   = {American Economic Review},
  volume    = {92},
  number    = {1},
  pages     = {71--92},
  year      = {2002},
  publisher = {American Economic Association}
}
@techreport{vegh2016unsticking,
  title       = {Unsticking the flypaper effect using distortionary taxation},
  author      = {Vegh, Carlos A and Vuletin, Guillermo},
  year        = {2016},
  institution = {National Bureau of Economic Research}
}
@article{henderson1968local,
  title     = {Local government expenditures: A social welfare analysis},
  author    = {Henderson, James M},
  journal   = {The Review of Economics of Statistics},
  pages     = {156--163},
  year      = {1968},
  publisher = {JSTOR}
}
@article{wagner1976revenue,
  title     = {Revenue structure, fiscal illusion, and budgetary choice},
  author    = {Wagner, Richard E},
  journal   = {Public choice},
  pages     = {45--61},
  year      = {1976},
  publisher = {JSTOR}
}
@misc{mcculloch1845treatise,
  title     = {A treatise on the practical influence of taxation and the funding system},
  author    = {McCulloch, JR},
  year      = {1845},
  publisher = {Original edition}
}
@article{puviani1903teoria,
  title   = {Teoria dell’illusione finanziaria, Palermo, Sandron},
  author  = {Puviani, Amilcare},
  journal = {New Italian edition (1973) with an “Introduction” by F. Volpi, Isedi, Milano},
  year    = {1903}
}
@article{oates1979lump,
  title     = {Lump-sum intergovernmental grants have price effects},
  author    = {Oates, Wallace E},
  journal   = {Fiscal federalism and grants-in-aid},
  volume    = {23},
  pages     = {30},
  year      = {1979},
  publisher = {The Urban Institute Washington, DC}
}
@article{turnbull1998overspending,
  title     = {The overspending and flypaper effects of fiscal illusion: Theory and empirical evidence},
  author    = {Turnbull, Geoffrey K},
  journal   = {Journal of Urban Economics},
  volume    = {44},
  number    = {1},
  pages     = {1--26},
  year      = {1998},
  publisher = {Elsevier}
}
@article{borge1995lump,
  title     = {Lump-sum intergovernmental grants have price effects: A note},
  author    = {Borge, Lars-Erik},
  journal   = {Public Finance Quarterly},
  volume    = {23},
  number    = {2},
  pages     = {271--274},
  year      = {1995},
  publisher = {Sage Publications Sage CA: Thousand Oaks, CA}
}
@article{volden2007intergovernmental,
  title     = {Intergovernmental grants: A formal model of interrelated national and subnational political decisions},
  author    = {Volden, Craig},
  journal   = {Publius: The Journal of Federalism},
  volume    = {37},
  number    = {2},
  pages     = {209--243},
  year      = {2007},
  publisher = {Oxford University Press}
}
@article{dahlby2016stimulative,
  title     = {The stimulative effects of intergovernmental grants and the marginal cost of public funds},
  author    = {Dahlby, Bev and Ferede, Ergete},
  journal   = {International Tax and Public Finance},
  volume    = {23},
  pages     = {114--139},
  year      = {2016},
  publisher = {Springer}
}
@article{brueckner2003strategic,
  title     = {Strategic interaction among governments: An overview of empirical studies},
  author    = {Brueckner, Jan K},
  journal   = {International regional science review},
  volume    = {26},
  number    = {2},
  pages     = {175--188},
  year      = {2003},
  publisher = {Sage Publications}
}
@article{feldstein1975wealth,
  title     = {Wealth neutrality and local choice in public education},
  author    = {Feldstein, Martin S},
  journal   = {The American Economic Review},
  volume    = {65},
  number    = {1},
  pages     = {75--89},
  year      = {1975},
  publisher = {JSTOR}
}
@inproceedings{karnik2008flypaper,
  title        = {Flypaper effect incorporating spatial interdependence},
  author       = {Karnik, Ajit and Lalvani, Mala},
  booktitle    = {Review of Urban \& Regional Development Studies: Journal of the Applied Regional Science Conference},
  volume       = {20},
  number       = {2},
  pages        = {86--102},
  year         = {2008},
  organization = {Wiley Online Library}
}
@book{mueller2003public,
  title     = {Public choice III},
  author    = {Mueller, Dennis C and others},
  year      = {2003},
  publisher = {Cambridge University Press}
}
@article{brennan1977towards,
  title     = {Towards a tax constitution for Leviathan},
  author    = {Brennan, Geoffrey and Buchanan, James M},
  journal   = {Journal of Public Economics},
  volume    = {8},
  number    = {3},
  pages     = {255--273},
  year      = {1977},
  publisher = {Elsevier}
}
@article{quigley1986budget,
  title     = {Budget reform and the theory of fiscal federalism},
  author    = {Quigley, John M and Rubinfeld, Daniel L},
  journal   = {The American Economic Review},
  volume    = {76},
  number    = {2},
  pages     = {132--137},
  year      = {1986},
  publisher = {JSTOR}
}
@article{pack1993foreign,
  title     = {Foreign aid and the question of fungibility},
  author    = {Pack, Howar and Pack, Janet Rothenberg},
  journal   = {The Review of Economics and statistics},
  pages     = {258--265},
  year      = {1993},
  publisher = {JSTOR}
}
@article{stein1999fiscal,
  title     = {Fiscal decentralization and government size in Latin America},
  author    = {Stein, Ernesto},
  journal   = {Journal of applied Economics},
  volume    = {2},
  number    = {2},
  pages     = {357--391},
  year      = {1999},
  publisher = {Taylor \& Francis}
}
@article{Fuyong2010,
  title   = {Fiscal Decentralization, Governance and Non-Economic Public Goods Provision},
  author  = {Yong Fu},
  journal = {Economic Research},
  number  = {8},
  pages   = {4--15},
  year    = {2010}
}
@article{yinheng2011,
  title   = {Research on Government Spending Preference on County Level},
  author  = {Heng Yin and Hong Zhu},
  journal = {Social Science on China},
  volume  = {1},
  number  = {88},
  pages   = {101},
  year    = {2011}
}
@incollection{inman1988federal,
  title     = {Federal Assistance and Local Services in the United States: The Evolution of a New},
  author    = {Inman, Robert P},
  booktitle = {Fiscal federalism: Quantitative studies},
  pages     = {33--78},
  year      = {1988},
  publisher = {University of Chicago Press}
}
@book{peterson1997decentralization,
  title     = {Decentralization in Latin America: learning through experience},
  author    = {Peterson, George E},
  year      = {1997},
  publisher = {World Bank Publications}
}
@book{litvack1998rethinking,
  title     = {Rethinking decentralization in developing countries},
  author    = {Litvack, Jennie Ilene and Ahmad, Junaid and Bird, Richard Miller},
  year      = {1998},
  publisher = {World Bank Publications}
}
@article{aragon2005intergovernmental,
  title   = {Intergovernmental transfers and fiscal effort in Peruvian local governments},
  author  = {Arag{\'o}n, Fernando M and Gayoso, Vilma J},
  journal = {Available at SSRN 773666},
  year    = {2005}
}
@article{nicholson2008fiscal,
  title     = {Fiscal federalism and tax effort in the US states},
  author    = {Nicholson-Crotty, Sean},
  journal   = {State Politics \& Policy Quarterly},
  volume    = {8},
  number    = {2},
  pages     = {109--126},
  year      = {2008},
  publisher = {Cambridge University Press}
}
@article{panda2009central,
  title     = {Central fiscal transfers and states’ own-revenue efforts in India: panel data models},
  author    = {Panda, Prasant Kumar},
  journal   = {Margin: The Journal of Applied Economic Research},
  volume    = {3},
  number    = {3},
  pages     = {223--242},
  year      = {2009},
  publisher = {SAGE Publications Sage India: New Delhi, India}
}
@article{2002A,
  title   = {A Tax on Tax Revenue: The Incentive Effects of Equalizing Transfers: Evidence from Germany},
  author  = { Baretti, C.  and  Huber, B.  and  Lichtblau, K. },
  journal = {International Tax and Public Finance},
  volume  = {9},
  number  = {6},
  pages   = {631-649},
  year    = {2002}
}
@techreport{bravo2013income,
  title  = {The Income Effect of Unconditional Grants: A Reduction in the Collection Effort of Municipalities},
  author = {Bravo, Javiera and others},
  year   = {2013}
}
@article{2010The,
  title   = {The Efficiency Consequences of Local Revenue Equalization: Tax Competition and Tax Distortions},
  author  = { Bucovetsky, Sam  and  Smart, Michael },
  journal = {Journal of Public Economic Theory},
  volume  = {8},
  number  = {1},
  pages   = {119-144},
  year    = {2010}
}
@article{2006The,
  title   = {The Incentive Effect of Fiscal Equalization Transfers on Tax Policy},
  author  = { Buettner, T. },
  journal = {Journal of Public Economics},
  volume  = {90},
  number  = {3},
  pages   = {477-497},
  year    = {2006}
}
@article{2011Intergovernmental,
  title   = {Intergovernmental fiscal transfers and local tax efforts: evidence from provinces in China},
  author  = { Liusupa/Supsup*/Sup, Yongzheng  and  Zhaosupb/Sup, Jianmei },
  journal = {Journal of Economic Policy Reform},
  volume  = {14},
  number  = {4},
  pages   = {p.295-300},
  year    = {2011}
}
@article{2016The,
  title   = {The Incentive Effects of Conditional and Unconditional Transfers on Local Own Revenue Generation: Empirical Evidence from Moroccan Municipalities},
  author  = { Brun, Jean Franois  and  Khdari, Maria El },
  journal = {Working Papers},
  year    = {2016}
}
@article{gramlich1997intergovernmental,
  title     = {Intergovernmental grants: A review of the empirical literature},
  author    = {Gramlich, Edward},
  journal   = {Financing federal systems},
  pages     = {106--126},
  year      = {1997},
  publisher = {Edward Elgar Publishing}
}
@article{chubb1985political,
  title     = {The political economy of federalism},
  author    = {Chubb, John E},
  journal   = {American Political Science Review},
  volume    = {79},
  number    = {4},
  pages     = {994--1015},
  year      = {1985},
  publisher = {Cambridge University Press}
}
@article{nicholson2004goal,
  title     = {Goal conflict and fund diversion in federal grants to the states},
  author    = {Nicholson-Crotty, Sean},
  journal   = {American Journal of Political Science},
  volume    = {48},
  number    = {1},
  pages     = {110--122},
  year      = {2004},
  publisher = {Wiley Online Library}
}
@article{buettner2006incentive,
  title     = {The incentive effect of fiscal equalization transfers on tax policy},
  author    = {Buettner, Thiess},
  journal   = {Journal of Public Economics},
  volume    = {90},
  number    = {3},
  pages     = {477--497},
  year      = {2006},
  publisher = {Elsevier}
}
@article{edwards1996tax,
  title     = {Tax competition and Leviathan},
  author    = {Edwards, Jeremy and Keen, Michael},
  journal   = {European Economic Review},
  volume    = {40},
  number    = {1},
  pages     = {113--134},
  year      = {1996},
  publisher = {Elsevier}
}
@article{davoodi1998fiscal,
  title     = {Fiscal decentralization and economic growth: A cross-country study},
  author    = {Davoodi, Hamid and Zou, Heng-fu},
  journal   = {Journal of Urban economics},
  volume    = {43},
  number    = {2},
  pages     = {244--257},
  year      = {1998},
  publisher = {Elsevier}
}
@article{barro1990government,
  title     = {Government spending in a simple model of endogeneous growth},
  author    = {Barro, Robert J},
  journal   = {Journal of political economy},
  volume    = {98},
  number    = {5, Part 2},
  pages     = {S103--S125},
  year      = {1990},
  publisher = {The University of Chicago Press}
}
@article{nicholson2011claiming,
  title     = {Claiming credit in the US federal system: Testing a model of competitive federalism},
  author    = {Nicholson-Crotty, Sean and Theobald, Nick},
  journal   = {Publius: The Journal of Federalism},
  volume    = {41},
  number    = {2},
  pages     = {232--256},
  year      = {2011},
  publisher = {Oxford University Press}
}
@book{zimmerman1996interstate,
  title     = {Interstate relations: The neglected dimension of federalism},
  author    = {Zimmerman, Joseph Francis},
  year      = {1996},
  publisher = {Greenwood Publishing Group}
}
@book{zimmerman2012interstate,
  title     = {Interstate cooperation: Compacts and administrative agreements},
  author    = {Zimmerman, Joseph F},
  year      = {2012},
  publisher = {State University of New York Press}
}
@article{woods2006interstate,
  title     = {Interstate competition and environmental regulation: a test of the race-to-the-bottom thesis},
  author    = {Woods, Neal D},
  journal   = {Social Science Quarterly},
  volume    = {87},
  number    = {1},
  pages     = {174--189},
  year      = {2006},
  publisher = {Wiley Online Library}
}
@article{bailey2004wider,
  title     = {A wider race? Interstate competition across health and welfare programs},
  author    = {Bailey, Michael A and Rom, Mark Carl},
  journal   = {The Journal of Politics},
  volume    = {66},
  number    = {2},
  pages     = {326--347},
  year      = {2004},
  publisher = {Cambridge University Press New York, USA}
}
@article{stein1990economic,
  title     = {Economic voting for governor and US senator: the electoral consequences of federalism},
  author    = {Stein, Robert M},
  journal   = {The Journal of Politics},
  volume    = {52},
  number    = {1},
  pages     = {29--53},
  year      = {1990},
  publisher = {University of Texas Press}
}
@article{schneider2003public,
  title     = {Public attitudes toward the policy responsibilities of the national and state governments: Evidence from South Carolina},
  author    = {Schneider, Saundra K and Jacoby, William G},
  journal   = {State Politics \& Policy Quarterly},
  volume    = {3},
  number    = {3},
  pages     = {246--269},
  year      = {2003},
  publisher = {Cambridge University Press}
}
@inproceedings{schneider2008citizen,
  title     = {Citizen’s perceptions of intergovernmental policy responsibilities},
  author    = {Schneider, Saundra K and Jacoby, William G},
  booktitle = {presentation at the 2008 State Politics and Policy Conference. Philadelphia, PA},
  year      = {2008}
}
@article{bednar2007credit,
  title     = {Credit assignment and federal encroachment},
  author    = {Bednar, Jenna},
  journal   = {Supreme Court Economic Review},
  volume    = {15},
  number    = {1},
  pages     = {285--308},
  year      = {2007},
  publisher = {University of Chicago Press Chicago, IL}
}
@article{lv2018transfer,
  title   = {Transfer payment and tax effort: the effect of government spending preference},
  author  = {Bingyang Lv, Kaiqiang Zhang},
  journal = {World Economy},
  number  = {7},
  pages   = {24},
  year    = {2018}
}
@article{volden2005intergovernmental,
  title     = {Intergovernmental political competition in American federalism},
  author    = {Volden, Craig},
  journal   = {American Journal of Political Science},
  volume    = {49},
  number    = {2},
  pages     = {327--342},
  year      = {2005},
  publisher = {Wiley Online Library}
}
@article{atkeson1995economic,
  title     = {Economic and referendum voting: A comparison of gubernatorial and senatorial elections},
  author    = {Atkeson, Lonna Rae and Partin, Randall W},
  journal   = {American Political Science Review},
  volume    = {89},
  number    = {1},
  pages     = {99--107},
  year      = {1995},
  publisher = {Cambridge University Press}
}
@book{carpini1996americans,
  title     = {What Americans know about politics and why it matters},
  author    = {Carpini, Michael X Delli and Keeter, Scott},
  year      = {1996},
  publisher = {Yale University Press}
}
@article{gilens2001political,
  title     = {Political ignorance and collective policy preferences},
  author    = {Gilens, Martin},
  journal   = {American Political Science Review},
  volume    = {95},
  number    = {2},
  pages     = {379--396},
  year      = {2001},
  publisher = {Cambridge University Press}
}
@article{savic2015impact,
  title     = {Impact of the efficiency of the tax administration on tax evasion},
  author    = {Savi{\'c}, Gordana and Dragojlovi{\'c}, Aleksandar and Vujo{\v{s}}evi{\'c}, Mirko and Arsi{\'c}, Milojko and Marti{\'c}, Milan},
  journal   = {Economic research-Ekonomska istra{\v{z}}ivanja},
  volume    = {28},
  number    = {1},
  pages     = {1138--1148},
  year      = {2015},
  publisher = {Taylor and Francis Group i Sveu{\v{c}}ili{\v{s}}te Jurja Dobrile u Puli, Fakultet~…}
}
@article{kiser1994could,
  title     = {Could privatization increase the efficiency of tax administration in less-developed countries?},
  author    = {Kiser, Edgar and Baker, Kathryn},
  journal   = {Policy studies journal},
  volume    = {22},
  number    = {3},
  pages     = {489--500},
  year      = {1994},
  publisher = {Wiley Online Library}
}
@article{aizenman2008collection,
  title     = {The collection efficiency of the Value Added Tax: Theory and international evidence},
  author    = {Aizenman, Joshua and Jinjarak, Yothin},
  journal   = {Journal of International Trade and Economic Development},
  volume    = {17},
  number    = {3},
  pages     = {391--410},
  year      = {2008},
  publisher = {Taylor \& Francis}
}
@article{mattos2011flypaper,
  title     = {Flypaper effect revisited: evidence for tax collection efficiency in Brazilian municipalities},
  author    = {Mattos, Enlinson and Rocha, Fabiana and Arvate, Paulo},
  journal   = {Estudos Econ{\^o}micos (S{\~a}o Paulo)},
  volume    = {41},
  pages     = {239--267},
  year      = {2011},
  publisher = {SciELO Brasil}
}
@article{modigliani1961long,
  title     = {Long-run implications of alternative fiscal policies and the burden of the national debt},
  author    = {Modigliani, Franco},
  journal   = {The Economic Journal},
  volume    = {71},
  number    = {284},
  pages     = {730--755},
  year      = {1961},
  publisher = {Oxford University Press Oxford, UK}
}
@article{holcombe1981national,
  title     = {The national debt controversy},
  author    = {Holcombe, Randall G and Jackson, John D and Zardkoohi, Asghar},
  journal   = {Kyklos},
  volume    = {34},
  number    = {2},
  pages     = {186--202},
  year      = {1981},
  publisher = {Wiley Online Library}
}
@article{cochrane2011inflation,
  title   = {Inflation and debt},
  author  = {Cochrane, John H},
  journal = {National affairs},
  volume  = {9},
  number  = {2},
  pages   = {56--78},
  year    = {2011}
}
@article{aizenman2011using,
  title     = {Using inflation to erode the US public debt},
  author    = {Aizenman, Joshua and Marion, Nancy},
  journal   = {Journal of Macroeconomics},
  volume    = {33},
  number    = {4},
  pages     = {524--541},
  year      = {2011},
  publisher = {Elsevier}
}
@article{hamburger1981deficits,
  title     = {Deficits, money and inflation},
  author    = {Hamburger, Michael J and Zwick, Burton},
  journal   = {Journal of Monetary Economics},
  volume    = {7},
  number    = {1},
  pages     = {141--150},
  year      = {1981},
  publisher = {Elsevier}
}
@article{panizza2014public,
  title     = {Public debt and economic growth: is there a causal effect?},
  author    = {Panizza, Ugo and Presbitero, Andrea F},
  journal   = {Journal of Macroeconomics},
  volume    = {41},
  pages     = {21--41},
  year      = {2014},
  publisher = {Elsevier}
}
@article{lucas1983optimal,
  title     = {Optimal fiscal and monetary policy in an economy without capital},
  author    = {Lucas Jr, Robert E and Stokey, Nancy L},
  journal   = {Journal of monetary Economics},
  volume    = {12},
  number    = {1},
  pages     = {55--93},
  year      = {1983},
  publisher = {Elsevier}
}
@article{diamond1965national,
  title     = {National debt in a neoclassical growth model},
  author    = {Diamond, Peter A},
  journal   = {The American Economic Review},
  volume    = {55},
  number    = {5},
  pages     = {1126--1150},
  year      = {1965},
  publisher = {JSTOR}
}
@article{fullwiler2020interest,
  title     = {When the Interest Rate on the National Debt Is a Policy Variable (and “Printing Money” Does Not Apply)},
  author    = {Fullwiler, Scott},
  journal   = {Public Budgeting \& Finance},
  volume    = {40},
  number    = {3},
  pages     = {72--94},
  year      = {2020},
  publisher = {Wiley Online Library}
}
@inproceedings{spahn2012conditioning,
  title     = {Conditioning intergovernmental transfers and modes of interagency cooperation for greater effectiveness of multilevel government in OECD countries},
  author    = {Spahn, PD},
  booktitle = {OECD Workshop on Effective Public Investment at Sub-National Level in Times of Fiscal Constraints: Meeting the Co-ordination and Capacity Challenges},
  volume    = {21},
  year      = {2012}
}
@article{de2007local,
  title     = {Local government finances: The link between intergovernmental transfers and net worth},
  author    = {De Mello, Luiz},
  year      = {2007},
  publisher = {OECD}
}
@incollection{weist2007intergovernmental,
  title     = {Intergovernmental loans: their fit into a transfer system},
  author    = {Weist, Dana},
  booktitle = {Fiscal Equalization: Challenges in the Design of Intergovernmental Transfers},
  pages     = {435--451},
  year      = {2007},
  publisher = {Springer}
}
@article{nguyen2020flypaper,
  title     = {The Flypaper Effect: Methods, Magnitudes, and Mechanisms},
  author    = {Nguyen-Hoang, Phuong and Yinger, John},
  journal   = {Journal of Education Finance},
  volume    = {46},
  number    = {2},
  pages     = {158--188},
  year      = {2020},
  publisher = {University of Illinois Press}
}
@article{bae2004flypaper,
  title     = {The flypaper effect revisited: intergovernmental grants and local governance},
  author    = {Bae, Sang-Seok and Feiock, Richard C},
  journal   = {International journal of public administration},
  volume    = {27},
  number    = {8-9},
  pages     = {577--596},
  year      = {2004},
  publisher = {Taylor \& Francis}
}
@article{arvate2008efficiency,
  title   = {Efficiency in tax collection: evidence from Brazilian municipalities},
  author  = {Arvate, Paulo and Mattos, Enlinson},
  journal = {CEPESP and EESP-Getulio Vargas Foundation, working paper},
  volume  = {1},
  year    = {2008}
}
@article{lalvani2002flypaper,
  title     = {The flypaper effect: evidence from India},
  author    = {Lalvani, Mala},
  journal   = {Public Budgeting \& Finance},
  volume    = {22},
  number    = {3},
  pages     = {67--88},
  year      = {2002},
  publisher = {Wiley Online Library}
}
@article{bowman1974tax,
  title     = {Tax exportability, intergovernmental aid, and school finance reform},
  author    = {Bowman, John H},
  journal   = {National Tax Journal},
  volume    = {27},
  number    = {2},
  pages     = {163--173},
  year      = {1974},
  publisher = {The University of Chicago Press}
}
@article{weicher1972aid,
  title     = {Aid, expenditures, and local government structure},
  author    = {Weicher, John C},
  journal   = {National Tax Journal},
  volume    = {25},
  number    = {4},
  pages     = {573--583},
  year      = {1972},
  publisher = {The University of Chicago Press}
}
@article{dash2013intergovernmental,
  title     = {Intergovernmental transfers and tax collection in India: Does the composition of transfers matter?},
  author    = {Dash, Bharatee Bhusana and Raja, Angara V},
  journal   = {Public Budgeting \& Finance},
  volume    = {33},
  number    = {2},
  pages     = {93--116},
  year      = {2013},
  publisher = {Wiley Online Library}
}
@article{laffer2004laffer,
  title   = {The Laffer curve: Past, present, and future},
  author  = {Laffer, Arthur B},
  journal = {Backgrounder},
  volume  = {1765},
  number  = {1},
  pages   = {1--16},
  year    = {2004}
}
@article{1988Foreign,
  title   = {Foreign Counterfeiting of Status Goods},
  author  = { Shapiro, Grossman Carl },
  journal = {Quarterly Journal of Economics},
  volume  = {103},
  number  = {1},
  pages   = {79-100},
  year    = {1988}
}
@article{Branstetter2001Are,
  title   = {Are knowledge spillovers international or intranational in scope?},
  author  = {Branstetter and Lee and G.},
  journal = {Journal of International Economics},
  year    = {2001}
}
@article{2011Procurement,
  title   = {Procurement Contracting With Time Incentives: Theory and Evidence},
  author  = { Lewis, Gregory  and  Bajari, Patrick },
  journal = {The Quarterly Journal of Economics},
  year    = {2011}
}

%% 
%% Copyright (C) 2019 by Daniel A. Weiss <daniel.weiss.led at gmail.com>
%% 
%% This work may be distributed and/or modified under the
%% conditions of the LaTeX Project Public License (LPPL), either
%% version 1.3c of this license or (at your option) any later
%% version.  The latest version of this license is in the file:
%% 
%% http://www.latex-project.org/lppl.txt
%% 
%% Users may freely modify these files without permission, as long as the
%% copyright line and this statement are maintained intact.
%% 
%% This work is not endorsed by, affiliated with, or probably even known
%% by, the American Psychological Association.
%% 
%% This work is "maintained" (as per LPPL maintenance status) by
%% Daniel A. Weiss.
%% 
%% This work consists of the file  apa7.dtx
%% and the derived files           apa7.ins,
%%                                 apa7.cls,
%%                                 apa7.pdf,
%%                                 README,
%%                                 APA7american.txt,
%%                                 APA7british.txt,
%%                                 APA7dutch.txt,
%%                                 APA7english.txt,
%%                                 APA7german.txt,
%%                                 APA7ngerman.txt,
%%                                 APA7greek.txt,
%%                                 APA7czech.txt,
%%                                 APA7turkish.txt,
%%                                 APA7endfloat.cfg,
%%                                 Figure1.pdf,
%%                                 shortsample.tex,
%%                                 longsample.tex, and
%%                                 bibliography.bib.
%% 
%%
%% End of file `./samples/bibliography.bib'.
